%%%%%%%%%%% ПУБЛИКАЦИИ НА РУССКОМ ЯЗЫКЕ %%%%%%%%%%%%%%%%%%%%%%%%%%%%%%%%%%%%%%%%%%%%%%%

%%%%%%%%%%% А %%%%%%%%%%%  1

@CONFERENCE{alaxandrow_2009,
  author    = {Александров П.С.},
  title     = {Курс аналитической геометрии и линейной алгебры},
  year      = {2009},
  pages     = {512},
  publisher = {Лань},
  LANGUAGE  = {russian}
}

%%%%%%%%%%% Б %%%%%%%%%%%  2

@CONFERENCE{berg_2016,
  author    = {Берг М. and Кревельд М. and Чеонг О.},
  title     = {Вычислительная гемоетрия. Алгоритмы и приложения},
  year      = {2016},
  pages     = {438},
  publisher = {ДМК Пресс},
  LANGUAGE  = {russian}
}

%%%%%%%%%%% В %%%%%%%%%%%  3

%%%%%%%%%%% Г %%%%%%%%%%%  4

%%%%%%%%%%% Д %%%%%%%%%%%  5

@CONFERENCE{demidovich_2019,
  author    = {Демидович Б.П. and Моденов В.П.},
  title     = {Дифференциальные уравнения: учебное пособие},
  year      = {2019},
  pages     = {280},
  publisher = {Лань},
  LANGUAGE  = {russian}
}

%%%%%%%%%%% Е %%%%%%%%%%%  6

%%%%%%%%%%% Ж %%%%%%%%%%%  8

%%%%%%%%%%% З %%%%%%%%%%%  9

%%%%%%%%%%% И %%%%%%%%%%% 10

%%%%%%%%%%% Й %%%%%%%%%%% 11

%%%%%%%%%%% К %%%%%%%%%%% 12

@CONFERENCE{korrigan_1995,
  author    = {Корриган Д.},
  title     = {Компьютерная графика. Секреты и решения},
  year      = {1995},
  pages     = {512},
  publisher = {Энтроп},
  LANGUAGE  = {russian}
}

%%%%%%%%%%% Л %%%%%%%%%%% 13

@CONFERENCE{laslo_1997,
  author    = {Ласло М.},
  title     = {Вычислительная геометрия и компьютерная графика на C++},
  year      = {1997},
  pages     = {304},
  address   = {Москва},
  publisher = {БИНОМ},
  LANGUAGE  = {russian}
}

%%%%%%%%%%% М %%%%%%%%%%% 14

%%%%%%%%%%% Н %%%%%%%%%%% 15

@CONFERENCE{nikulin_2018,
  author    = {Никулин Е.},
  title     = {Компьютерная график. Модели и алгоритмы. Учебное пособие},
  year      = {2018},
  pages     = {708},
  publisher = {Лань},
  LANGUAGE  = {russian}
}

%%%%%%%%%%% О %%%%%%%%%%% 16

%%%%%%%%%%% П %%%%%%%%%%% 17

@CONFERENCE{preparat_1989,
  author    = {Препарата Ф.},
  title     = {Вычислительная геометрия},
  year      = {1989},
  pages     = {478},
  publisher = {Мир},
  LANGUAGE  = {russian}
}

%%%%%%%%%%% Р %%%%%%%%%%% 18

%%%%%%%%%%% С %%%%%%%%%%% 19

%%%%%%%%%%% Т %%%%%%%%%%% 20

%%%%%%%%%%% У %%%%%%%%%%% 21

%%%%%%%%%%% Ф %%%%%%%%%%% 22

@CONFERENCE{fixtengolc_2015,
  author    = {Фихтенгольц Г.М.},
  title     = {Основы математического анализа},
  year      = {2015},
  pages     = {448},
  publisher = {Лань},
  LANGUAGE  = {russian}
}

%%%%%%%%%%% Х %%%%%%%%%%% 23

%%%%%%%%%%% Ц %%%%%%%%%%% 24

%%%%%%%%%%% Ч %%%%%%%%%%% 25

%%%%%%%%%%% Ш %%%%%%%%%%% 26

%%%%%%%%%%% Щ %%%%%%%%%%% 27

%%%%%%%%%%% Э %%%%%%%%%%% 31

%%%%%%%%%%% Ю %%%%%%%%%%% 32

%%%%%%%%%%% Я %%%%%%%%%%% 33

%%%%%%%%%%% PUBLICATIONS IN ENGLISH %%%%%%%%%%%%%%%%%%%%%%%%%%%%%%%%%%%%%%%%%%%%%%%%%%%

%%%%%%%%%%% AAA %%%%%%%%%%%  1

%%%%%%%%%%% BBB %%%%%%%%%%%  2

%%%%%%%%%%% CCC %%%%%%%%%%%  3

%%%%%%%%%%% DDD %%%%%%%%%%%  4

%%%%%%%%%%% EEE %%%%%%%%%%%  5

%%%%%%%%%%% GGG %%%%%%%%%%%  7

%%%%%%%%%%% HHH %%%%%%%%%%%  8

%%%%%%%%%%% III %%%%%%%%%%%  9

%%%%%%%%%%% JJJ %%%%%%%%%%% 10

%%%%%%%%%%% KKK %%%%%%%%%%% 11

%%%%%%%%%%% LLL %%%%%%%%%%% 12

%%%%%%%%%%% MMM %%%%%%%%%%% 13

%%%%%%%%%%% NNN %%%%%%%%%%% 14

%%%%%%%%%%% OOO %%%%%%%%%%% 15

%%%%%%%%%%% PPP %%%%%%%%%%% 16

%%%%%%%%%%% QQQ %%%%%%%%%%% 17

%%%%%%%%%%% RRR %%%%%%%%%%% 18

%%%%%%%%%%% SSS %%%%%%%%%%% 19

%%%%%%%%%%% TTT %%%%%%%%%%% 20

%%%%%%%%%%% UUU %%%%%%%%%%% 21

%%%%%%%%%%% VVV %%%%%%%%%%% 22

%%%%%%%%%%% WWW %%%%%%%%%%% 23

%%%%%%%%%%% XXX %%%%%%%%%%% 24

%%%%%%%%%%% YYY %%%%%%%%%%% 25

%%%%%%%%%%% ZZZ %%%%%%%%%%% 26

%%%%%%%%%%%%%%%%%%%%%%%%%%%%%%%%%%%%%%%%%%%%%%%%%%%%%%%%%%%%%%%%%%%%%%%%%%%%%%%%%%%%%%%
