%%%%%%%%%%% ПУБЛИКАЦИИ НА РУССКОМ ЯЗЫКЕ %%%%%%%%%%%%%%%%%%%%%%%%%%%%%%%%%%%%%%%%%%%%%%%

%%%%%%%%%%% А %%%%%%%%%%%  1

%%%%%%%%%%% Б %%%%%%%%%%%  2

%%%%%%%%%%% В %%%%%%%%%%%  3

%%%%%%%%%%% Г %%%%%%%%%%%  4

%%%%%%%%%%% Д %%%%%%%%%%%  5

%%%%%%%%%%% Е %%%%%%%%%%%  6

%%%%%%%%%%% Ж %%%%%%%%%%%  8

%%%%%%%%%%% З %%%%%%%%%%%  9

%%%%%%%%%%% И %%%%%%%%%%% 10

%%%%%%%%%%% Й %%%%%%%%%%% 11

%%%%%%%%%%% К %%%%%%%%%%% 12

%%%%%%%%%%% Л %%%%%%%%%%% 13

@CONFERENCE{Tim_PMM_1997 ,
  author =    {Ласло, Майкл},
  title =     {Вычислительная геометрия и компьютерная графика на C++ [учебное пособие]: пер. с англ. / Майкл Ласло; пер. В. Львов.},
  booktitle = {учебное пособие},
  year =      {1997},
  pages  =    {301},
  address =   {Москва},
  publisher = {БИНОМ},
  LANGUAGE =  {russian}
}

%%%%%%%%%%% М %%%%%%%%%%% 14

%%%%%%%%%%% Н %%%%%%%%%%% 15

%%%%%%%%%%% О %%%%%%%%%%% 16

%%%%%%%%%%% П %%%%%%%%%%% 17

%%%%%%%%%%% Р %%%%%%%%%%% 18

%%%%%%%%%%% С %%%%%%%%%%% 19

%%%%%%%%%%% Т %%%%%%%%%%% 20
@CONFERENCE{Tim_PMM_2015,
  author =    { С. В. Емельянов},
  title =     {Информационные технологии и вычислительные системы:
Обработка информации и анализ данных. Программная инженерия. Математическое моделирование. Прикладные аспекты информатики. 2015-Вып.3},
  booktitle = { Журнал РАН "Информационные технологии и вычислительные системы"},
  year =      {2015},
  pages  =    {104},
  address =   {Москва},
  publisher = {Изд-во РАН},
  LANGUAGE =  {russian}
}

%%%%%%%%%%% У %%%%%%%%%%% 21

%%%%%%%%%%% Ф %%%%%%%%%%% 22

%%%%%%%%%%% Х %%%%%%%%%%% 23

%%%%%%%%%%% Ц %%%%%%%%%%% 24

%%%%%%%%%%% Ч %%%%%%%%%%% 25

%%%%%%%%%%% Ш %%%%%%%%%%% 26

%%%%%%%%%%% Щ %%%%%%%%%%% 27

%%%%%%%%%%% Э %%%%%%%%%%% 31

%%%%%%%%%%% Ю %%%%%%%%%%% 32

%%%%%%%%%%% Я %%%%%%%%%%% 33

%%%%%%%%%%% PUBLICATIONS IN ENGLISH %%%%%%%%%%%%%%%%%%%%%%%%%%%%%%%%%%%%%%%%%%%%%%%%%%%

%%%%%%%%%%% AAA %%%%%%%%%%%  1

%%%%%%%%%%% BBB %%%%%%%%%%%  2

%%%%%%%%%%% CCC %%%%%%%%%%%  3

%%%%%%%%%%% DDD %%%%%%%%%%%  4

%%%%%%%%%%% EEE %%%%%%%%%%%  5

%%%%%%%%%%% GGG %%%%%%%%%%%  7

%%%%%%%%%%% HHH %%%%%%%%%%%  8

%%%%%%%%%%% III %%%%%%%%%%%  9

%%%%%%%%%%% JJJ %%%%%%%%%%% 10

%%%%%%%%%%% KKK %%%%%%%%%%% 11

%%%%%%%%%%% LLL %%%%%%%%%%% 12

%%%%%%%%%%% MMM %%%%%%%%%%% 13

%%%%%%%%%%% NNN %%%%%%%%%%% 14

%%%%%%%%%%% OOO %%%%%%%%%%% 15

%%%%%%%%%%% PPP %%%%%%%%%%% 16

%%%%%%%%%%% QQQ %%%%%%%%%%% 17

%%%%%%%%%%% RRR %%%%%%%%%%% 18

%%%%%%%%%%% SSS %%%%%%%%%%% 19

%%%%%%%%%%% TTT %%%%%%%%%%% 20

%%%%%%%%%%% UUU %%%%%%%%%%% 21

%%%%%%%%%%% VVV %%%%%%%%%%% 22

%%%%%%%%%%% WWW %%%%%%%%%%% 23

%%%%%%%%%%% XXX %%%%%%%%%%% 24

%%%%%%%%%%% YYY %%%%%%%%%%% 25

%%%%%%%%%%% ZZZ %%%%%%%%%%% 26

%%%%%%%%%%%%%%%%%%%%%%%%%%%%%%%%%%%%%%%%%%%%%%%%%%%%%%%%%%%%%%%%%%%%%%%%%%%%%%%%%%%%%%%
